%Entries

@misc{nichol2021,
      title={Improved Denoising Diffusion Probabilistic Models},
      author={Alex Nichol and Prafulla Dhariwal},
      year={2021},
      eprint={2102.09672},
      archivePrefix={arXiv},
      primaryClass={cs.LG},
      url={https://arxiv.org/abs/2102.09672},
}

@misc{song2022,
      title={Denoising Diffusion Implicit Models},
      author={Jiaming Song and Chenlin Meng and Stefano Ermon},
      year={2022},
      eprint={2010.02502},
      archivePrefix={arXiv},
      primaryClass={cs.LG},
      url={https://arxiv.org/abs/2010.02502},
}

@misc{salimans2022,
      title={Progressive Distillation for Fast Sampling of Diffusion Models},
      author={Tim Salimans and Jonathan Ho},
      year={2022},
      eprint={2202.00512},
      archivePrefix={arXiv},
      primaryClass={cs.LG},
      url={https://arxiv.org/abs/2202.00512},
}

@misc{song2023,
      title={Consistency Models},
      author={Yang Song and Prafulla Dhariwal and Mark Chen and Ilya Sutskever},
      year={2023},
      eprint={2303.01469},
      archivePrefix={arXiv},
      primaryClass={cs.LG},
      url={https://arxiv.org/abs/2303.01469},
}

@misc{rombach2022,
      title={High-Resolution Image Synthesis with Latent Diffusion Models},
      author={Robin Rombach and Andreas Blattmann and Dominik Lorenz and Patrick Esser and Bj√∂rn Ommer},
      year={2022},
      eprint={2112.10752},
      archivePrefix={arXiv},
      primaryClass={cs.CV},
      url={https://arxiv.org/abs/2112.10752},
}

@misc{ho2021,
      title={Cascaded Diffusion Models for High Fidelity Image Generation},
      author={Jonathan Ho and Chitwan Saharia and William Chan and David J. Fleet and Mohammad Norouzi and Tim Salimans},
      year={2021},
      eprint={2106.15282},
      archivePrefix={arXiv},
      primaryClass={cs.CV},
      url={https://arxiv.org/abs/2106.15282},
}

@misc{tashiro2021,
      title={CSDI: Conditional Score-based Diffusion Models for Probabilistic Time Series Imputation},
      author={Yusuke Tashiro and Jiaming Song and Yang Song and Stefano Ermon},
      year={2021},
      eprint={2107.03502},
      archivePrefix={arXiv},
      primaryClass={cs.LG},
      url={https://arxiv.org/abs/2107.03502},
}

@misc{li2022,
      title={Diffusion-LM Improves Controllable Text Generation},
      author={Xiang Lisa Li and John Thickstun and Ishaan Gulrajani and Percy Liang and Tatsunori B. Hashimoto},
      year={2022},
      eprint={2205.14217},
      archivePrefix={arXiv},
      primaryClass={cs.CL},
      url={https://arxiv.org/abs/2205.14217},
}

@misc{ho2020,
      title={Denoising Diffusion Probabilistic Models},
      author={Jonathan Ho and Ajay Jain and Pieter Abbeel},
      year={2020},
      eprint={2006.11239},
      archivePrefix={arXiv},
      primaryClass={cs.LG},
      url={https://arxiv.org/abs/2006.11239},
}

@misc{goodfellow2014,
      title={Generative Adversarial Networks},
      author={Ian J. Goodfellow and Jean Pouget-Abadie and Mehdi Mirza and Bing Xu and David Warde-Farley and Sherjil Ozair and Aaron Courville and Yoshua Bengio},
      year={2014},
      eprint={1406.2661},
      archivePrefix={arXiv},
      primaryClass={stat.ML},
      url={https://arxiv.org/abs/1406.2661},
}

@misc{sohldickstein2015,
      title={Deep Unsupervised Learning using Nonequilibrium Thermodynamics},
      author={Jascha Sohl-Dickstein and Eric A. Weiss and Niru Maheswaranathan and Surya Ganguli},
      year={2015},
      eprint={1503.03585},
      archivePrefix={arXiv},
      primaryClass={cs.LG},
      url={https://arxiv.org/abs/1503.03585},
}

@article{weng2018,
  title="From Autoencoder to Beta-VAE",
  author="Weng, Lilian",
  journal="lilianweng.github.io",
  year="2018",
  url="https://lilianweng.github.io/posts/2018-08-12-vae/"
}

@article{weng2021,
  title="What are Diffusion Models?",
  author="Weng, Lilian",
  journal="lilianweng.github.io",
  year="2021",
  url="https://lilianweng.github.io/posts/2021-07-11-diffusion-models/"
}

@inproceedings{welling2011,
  title={Bayesian Learning via Stochastic Gradient Langevin Dynamics},
  author={Welling, Max and Teh, Yee W},
  booktitle={Proceedings of the 28th international conference on machine learning (ICML-11)},
  pages={681--688},
  year={2011},
  organization={Citeseer}
}
